

@ARTICLE{Automated,
AUTHOR={A. Baker et al.},
TITLE={Automated Controls for Contoured Surface Inkjet Printing},
YEAR={2019}
}

@ARTICLE{Wingert,
AUTHOR={L. Wingert et al.},
TITLE={Live Metrology of an Object During Manufacturing or Other Operations},
YEAR={2019}
}

@ARTICLE{Verification,
AUTHOR={A. Baker et al.},
TITLE={Verification of Tow Placement by a Robot},
YEAR={2018, 2019}
}

@inproceedings{Bowers,
author = {K. Bowers et al.},
title = {Trust-based Information Propagation on Multi-robot Teams in Noisy Low-communication Environments},
publisher = {Distributed Autonomous Robotics Symp. 32\% Acceptance},
year = {2018}
}

@inproceedings{Cooke,
  title={Bio-inspired Nest-Site Selection for Distributing Robots in Low-Communication Environments},
  author={G. Cooke et al.},
publisher = {Practical Applications of Agents and Multi-Agent Systems. 30\% Acceptance},
  year={2018}
}

@inproceedings{Strickland,
author = {L. Strickland et al.},
title = {Bio-Inspired Role Allocation of Heterogeneous Teams in a Site Defense Task},
publisher = {Distributed Autonomous Robotics Symp. 32\% Acceptance},
year = {2018}
}
